<?xml version="1.0" encoding="UTF-8"?><collection><record><leader>06931ntm a2200697 a 4500</leader><controlfield tag="001">006769009</controlfield><controlfield tag="003">MiAaHDL</controlfield><controlfield tag="005">20190719000000.0</controlfield><controlfield tag="006">m        d        </controlfield><controlfield tag="007">cr bn ---auaua</controlfield><controlfield tag="008">090506s15uu    xx            00| ||ara d</controlfield><datafield tag="035" ind1=" " ind2=" "><subfield code="a">(MiU)006769009</subfield></datafield><datafield tag="035" ind1=" " ind2=" "><subfield code="a">sdr-miu006769009</subfield></datafield><datafield tag="040" ind1=" " ind2=" "><subfield code="a">MiU</subfield><subfield code="c">MiU</subfield><subfield code="e">amremm</subfield></datafield><datafield tag="043" ind1=" " ind2=" "><subfield code="a">n-us-mi</subfield></datafield><datafield tag="100" ind1="1" ind2=" "><subfield code="6">880-01</subfield><subfield code="a">Ibn al-Ḥājib, ʻUthmān ibn ʻUmar,</subfield><subfield code="d">1175-1249.</subfield></datafield><datafield tag="245" ind1="1" ind2="3"><subfield code="6">880-02</subfield><subfield code="a">[al-Kāfiyah maʻa al-Miṣbāḥ maʻa al-ʻAwāmil maʻa al-Iẓḥār,</subfield><subfield code="f">16th century?].</subfield></datafield><datafield tag="246" ind1="3" ind2=" "><subfield code="i">Title from inscription on 'title page' (p.3):</subfield><subfield code="a">كافية مع شرح</subfield></datafield><datafield tag="260" ind1=" " ind2=" "><subfield code="c">[15--?]</subfield></datafield><datafield tag="300" ind1=" " ind2=" "><subfield code="a">174 leaves :</subfield><subfield code="b">paper ;</subfield><subfield code="c">170 x 110 (75-125 x 45-65) mm. bound to 170 x 120 mm.</subfield></datafield><datafield tag="500" ind1=" " ind2=" "><subfield code="a">Shelfmark: Ann Arbor, University of Michigan, Special Collections Library, Isl. Ms. 139</subfield></datafield><datafield tag="500" ind1=" " ind2=" "><subfield code="a">Origin: Lacks dated colophon. Dated study/reading note on p.151 provides a terminus ante quem of 5 Ramaḍān 1045 [ca. 12 February 1636]. Paper suggests late 15th century, turn of the 16th century and late 16th century.</subfield></datafield><datafield tag="500" ind1=" " ind2=" "><subfield code="a">Former shelfmark: British Museum, London "No. 68. Alfiyah, Misbah, Miat Amil, &amp; Izhar." ; "٥٩۱" on tail of textblock.</subfield></datafield><datafield tag="500" ind1=" " ind2=" "><subfield code="a">Binding: Pasteboards covered in dark brown leather ; Type II binding (with flap) ; board linings in laid paper ; upper and lower covers carry blind-stamped scalloped mandorla filled with vegetal composition (compare Déroche class. OAi 4) ; flap in different design with gold-painted red leather onlays ; sewn in light pink thread, two stations ; worked endbands, quite soiled but intact ; overall in poor condition with abrasion, lifting of leather, delamination of boards, warping in textblock, etc. ; repairs in various leathers (brown, tan, red, etc.).</subfield></datafield><datafield tag="500" ind1=" " ind2=" "><subfield code="a">Support: European laid paper of several types ; one type with 9-10 laid lines per cm. (vertical), chain lines spaced 28 mm. apart (horizontal), bird [?] on triple mount in circle watermark ; another type with 7-8 laid lines per cm. (vertical), chain lines spaced 28 mm. apart (horizontal), anchor in circle with star above [?] (compare Piccard no.119016) ; another type with 10 laid lines per cm. (vertical), chain lines spaced 31-32 mm. apart (horizontal), bull's head with eyes and mouth, 5-lobed flower on rod above ; still another type with 8 laid lines per cm. (horizontal), chain lines spaced 26 mm. apart (vertical), lion passant above a tied bow (ribbon).</subfield></datafield><datafield tag="500" ind1=" " ind2=" "><subfield code="a">Decoration: Keywords, section headings and abbrevation symbols rubricated ; written area surrounded by red-rule border (including margins) ; simple headpiece (ʻunwān) in red ink on p.268, carries title.</subfield></datafield><datafield tag="500" ind1=" " ind2=" "><subfield code="a">Script: Nastaʻlīq, naskh-nastaʻlīq and naskh ; several hands ; extensively vocalized.</subfield></datafield><datafield tag="500" ind1=" " ind2=" "><subfield code="a">Layout: Written in 7 [al-Kāfiyah], 11 [al-Miṣbāḥ], 7 [al-ʻAwāmil] and 11-13 [al-Iẓhār] lines per page ; frame-ruled.</subfield></datafield><datafield tag="500" ind1=" " ind2=" "><subfield code="a">Collation: i, 5 V(50), IV (58), V (68), III (74), 4 V(114), IV (122), III+3 (131), I (133), 1 (134), IX (152), V (162), VI (174) ; catchwords mainly present (absent or cutoff in al-ʻAwāmil) ; pagination in pencil, Western numerals, supplied during digitization (includes front flyleaf and skips two pages between pp.157-158 and pp.121-122).</subfield></datafield><datafield tag="500" ind1=" " ind2=" "><subfield code="a">Incipit: "الكلمة لفظ وضع لمعنى مفرد وهي اسم وفعل وحرف ..."</subfield></datafield><datafield tag="500" ind1=" " ind2=" "><subfield code="a">Title supplied by cataloguer.</subfield></datafield><datafield tag="500" ind1=" " ind2=" "><subfield code="a">Ms. composite codex.</subfield></datafield><datafield tag="505" ind1="0" ind2=" "><subfield code="a">8. p.344-p.346 : [originally left blank].</subfield></datafield><datafield tag="505" ind1="0" ind2=" "><subfield code="a">7. p.268-p.343 : [Iẓhār al-asrār] / Birgevi Mehmet Efendi.</subfield></datafield><datafield tag="505" ind1="0" ind2=" "><subfield code="a">6. p.261-p.267 : [originally left blank].</subfield></datafield><datafield tag="505" ind1="0" ind2=" "><subfield code="a">5. p.228-p.260 : [al-ʻAwāmil al-miʼah] / ʻAbd al-Qāhir ibn ʻAbd al-Raḥmān al-Jurjānī.</subfield></datafield><datafield tag="505" ind1="0" ind2=" "><subfield code="a">4. p.226-p.227 : [originally left blank].</subfield></datafield><datafield tag="505" ind1="0" ind2=" "><subfield code="a">3. p.152-p.225 : [al-Miṣbāḥ fī al-naḥw] / Nāṣir ibn ʻAbd al-Sayyid al-Muṭarrizī.</subfield></datafield><datafield tag="505" ind1="0" ind2=" "><subfield code="a">2. p.150-p.151 : [originally left blank].</subfield></datafield><datafield tag="505" ind1="0" ind2=" "><subfield code="a">1. p.4-p.149 : [al-Kāfiyah] / Jamāl al-Dīn ʻUthmān ibn ʻUmar Ibn al-Ḥājib.</subfield></datafield><datafield tag="510" ind1="4" ind2=" "><subfield code="a">Brockelmann, C. GAL,</subfield><subfield code="c">II 441 ; SII 655</subfield></datafield><datafield tag="510" ind1="4" ind2=" "><subfield code="a">Brockelmann, C. GAL,</subfield><subfield code="c">I 288</subfield></datafield><datafield tag="510" ind1="4" ind2=" "><subfield code="a">Brockelmann, C. GAL,</subfield><subfield code="c">I 293 ; SI 514</subfield></datafield><datafield tag="510" ind1="4" ind2=" "><subfield code="a">Brockelmann, C. GAL,</subfield><subfield code="c">I 303 ; SI 531</subfield></datafield><datafield tag="520" ind1="8" ind2=" "><subfield code="a">Fine multi-work codex containing several works on grammar, namely the Kāfiyah of Ibn al-Ḥājib, the Miṣbāḥ of al-Muṭarrizī, al-ʻAwāmil al-miʼah [Miʼat ʻāmil] of ʻAbd al-Qādir al-Jurjānī, and Iẓhār al-asrār of Birgevi Mehmet Efendi.</subfield></datafield><datafield tag="538" ind1=" " ind2=" "><subfield code="a">Mode of access: Internet.</subfield></datafield><datafield tag="541" ind1=" " ind2=" "><subfield code="c">Purchase ;</subfield><subfield code="a">Acquired by purchase (funds donated by Horace Rackham).</subfield><subfield code="d">1924.</subfield></datafield><datafield tag="546" ind1=" " ind2=" "><subfield code="a">Arabic.</subfield></datafield><datafield tag="561" ind1=" " ind2=" "><subfield code="a">Bookplate of British Museum, London on interior of upper cover, "British Museum, London. No. 68. Alfiyah, Misbah, Miat Amil, &amp; Izhar." ; circular seal impression with figure of goat/gazelle in purple ink as well as inscription "441" in Western numerals on upper board lining ; circular waqf-seal impression in black ink appears on ’title page’ (p.3) and several places throughout, reads: "هذا وقف الراجي فيض الصمدي الشيخ احمد ضيا الدين ابن مصطفى الخالدي فمن بدله بعد ما سمعه فانما اثمه على الذين يبدلونه" in name of Aḥmad Ḍiyāʼ al-Dīn ibn Muṣṭafá al-Khālidī (i.e. Ahmed Ziyâüddîn Gümüşhanevî, d. 1893 or 4) ; study/reading note on p.151 dated 5 Ramaḍān 1045 [ca. 12 February 1636] ; on p.346 ownershp statement reads "صاحب ومالك سليمان افندى" ; all but final work extensively glossed (marginal and interlinear), with glosses often very decoratively arranged (especially in al-Kāfiyah) ; occasional marginal corrections ; occasional notabilia (some rubricated).</subfield></datafield><datafield tag="650" ind1=" " ind2="0"><subfield code="a">Manuscripts, Arabic</subfield><subfield code="z">Michigan</subfield><subfield code="z">Ann Arbor.</subfield></datafield><datafield tag="650" ind1=" " ind2="0"><subfield code="a">Arabic language</subfield><subfield code="x">Syntax</subfield><subfield code="v">Early works to 1800.</subfield></datafield><datafield tag="650" ind1=" " ind2="0"><subfield code="a">Arabic language</subfield><subfield code="x">Grammar</subfield><subfield code="v">Early works to 1800.</subfield></datafield><datafield tag="700" ind1="0" ind2="2"><subfield code="6">880-05</subfield><subfield code="a">Birgivî Mehmet Efendi,</subfield><subfield code="d">approximately 1522-1573.</subfield><subfield code="t">Iẓhār al-asrār.</subfield></datafield><datafield tag="700" ind1="1" ind2="2"><subfield code="6">880-04</subfield><subfield code="a">Jurjānī, ʻAbd al-Qāhir ibn ʻAbd al-Raḥmān,</subfield><subfield code="d">-1078?</subfield><subfield code="t">ʻAwāmil al-miʼah.</subfield></datafield><datafield tag="700" ind1="1" ind2="2"><subfield code="6">880-03</subfield><subfield code="a">Muṭarrizī, Nāṣir ibn ʻAbd al-Sayyid,</subfield><subfield code="d">1144-1213.</subfield><subfield code="t">Miṣbāḥ fī al-naḥw.</subfield></datafield><datafield tag="773" ind1="0" ind2=" "><subfield code="a">Tiflis Collection.</subfield></datafield><datafield tag="880" ind1="0" ind2="2"><subfield code="6">700-05/</subfield><subfield code="a">برکوي، محمد إفندي.</subfield><subfield code="t">إظهار الأسرار.</subfield></datafield><datafield tag="880" ind1="1" ind2="2"><subfield code="6">700-04/</subfield><subfield code="a">جرجاني, عبد القاهر بن عبد الرحمن,</subfield><subfield code="t">عوامل المائة.</subfield></datafield><datafield tag="880" ind1="1" ind2="2"><subfield code="6">700-03/</subfield><subfield code="a">مطرزي، ناصر بن عبد السيد.</subfield><subfield code="t">مصباح في النحو.</subfield></datafield><datafield tag="880" ind1="1" ind2="2"><subfield code="6">245-02/</subfield><subfield code="a">[الكافية مع المصباح مع العوامل مع الاظهار,</subfield><subfield code="f">القرن 16م؟].</subfield></datafield><datafield tag="880" ind1="1" ind2=" "><subfield code="6">100-01/</subfield><subfield code="a">ابن الحاجب، عثمان بن عمر.</subfield></datafield><datafield tag="CID" ind1=" " ind2=" "><subfield code="a">006769009</subfield></datafield><datafield tag="DAT" ind1="0" ind2=" "><subfield code="a">20190719102635.0</subfield><subfield code="b">20190719000000.0</subfield></datafield><datafield tag="DAT" ind1="1" ind2=" "><subfield code="a">20190719090653.0</subfield><subfield code="b">2019-07-19T16:11:22Z</subfield></datafield><datafield tag="DAT" ind1="2" ind2=" "><subfield code="a">2015-10-02T18:00:03Z</subfield></datafield><datafield tag="CAT" ind1=" " ind2=" "><subfield code="a">SDR-MIU</subfield><subfield code="d">EX LIBRIS - ALEPH</subfield><subfield code="l">prepare.pl-004-008</subfield></datafield><datafield tag="FMT" ind1=" " ind2=" "><subfield code="a">BK</subfield></datafield><datafield tag="HOL" ind1=" " ind2=" "><subfield code="0">sdr-miu006769009</subfield><subfield code="a">MiU</subfield><subfield code="b">SDR</subfield><subfield code="c">MIU</subfield><subfield code="p">mdp.39015079125129</subfield><subfield code="s">MIU</subfield><subfield code="1">006769009</subfield></datafield><datafield tag="974" ind1=" " ind2=" "><subfield code="b">MIU</subfield><subfield code="c">MIU</subfield><subfield code="d">20190719</subfield><subfield code="s">lit-dlps-dc</subfield><subfield code="u">mdp.39015079125129</subfield><subfield code="y">1599</subfield><subfield code="r">pd</subfield><subfield code="q">bib</subfield><subfield code="t">non-US bib date1 &lt; 1896</subfield></datafield></record></collection>